@article{perf2protocols,
  title = {Performance of two quantum-key-distribution protocols},
  author = {Fung, Chi-Hang Fred and Tamaki, Kiyoshi and Lo, Hoi-Kwong},
  journal = {Phys. Rev. A},
  volume = {73},
  issue = {1},
  pages = {012337},
  numpages = {19},
  year = {2006},
  month = {Jan},
  publisher = {American Physical Society},
  doi = {10.1103/PhysRevA.73.012337},
}

@article{reviewScariani,
  title = {The security of practical quantum key distribution},
  author = {Scarani, Valerio and Bechmann-Pasquinucci, Helle and Cerf, Nicolas J. and Du\ifmmode \check{s}\else \v{s}\fi{}ek, Miloslav and L\"utkenhaus, Norbert and Peev, Momtchil},
  journal = {Rev. Mod. Phys.},
  volume = {81},
  issue = {3},
  pages = {1301--1350},
  numpages = {0},
  year = {2009},
  month = {Sep},
  publisher = {American Physical Society},
  doi = {10.1103/RevModPhys.81.1301},
}

@article{SARG04orig,
  title = {Quantum Cryptography Protocols Robust against Photon Number Splitting Attacks for Weak Laser Pulse Implementations},
  author = {Scarani, Valerio and Ac\'{\i}n, Antonio and Ribordy, Gr\'egoire and Gisin, Nicolas},
  journal = {Phys. Rev. Lett.},
  volume = {92},
  issue = {5},
  pages = {057901},
  numpages = {4},
  year = {2004},
  month = {Feb},
  publisher = {American Physical Society},
  doi = {10.1103/PhysRevLett.92.057901},
}

@article{historyBrassard,
  title = {Brief History of Quantum Cryptography: A Personal Perspective},
  author = {Giles Brassard},
  journal = {Proceedings of IEEE Information Theory Workshop on Theory and Practice in Information Theoretic Security},
  pages = {19--23},
  numpages = {14},
  year = {2005},
  month = {Oct},
  doi = {arXiv:quant-ph/0604072},
}

@article{experimentalComparison,
  author={Youn-Chang Jeong and Yong-Su Kim and Yoon-Ho Kim},
  title={An experimental comparison of BB84 and SARG04 quantum key distribution protocols},
  journal={Laser Physics Letters},
  volume={11},
  number={9},
  pages={095201},
  year={2014},
  abstract={SARG04 uses the same quantum states and the same measurement bases with BB84 protocol, but SARG04 can generate secret keys from two-photon pulses when BB84 cannot. We report the implementation of BB84 and SARG04 protocols using a polarization-encoded weak coherent pulse with an optical fiber quantum channel. We have experimentally investigated the secret key rate of BB84 and SARG04 protocols, and BB84 gave a higher secret key rate than SARG04.}
}

@article{branciardSARG04,
  title = {Security of two quantum cryptography protocols using the same four qubit states},
  author = {Branciard, Cyril and Gisin, Nicolas and Kraus, Barbara and Scarani, Valerio},
  journal = {Phys. Rev. A},
  volume = {72},
  issue = {3},
  pages = {032301},
  numpages = {18},
  year = {2005},
  month = {Sep},
  publisher = {American Physical Society},
  doi = {10.1103/PhysRevA.72.032301},
}

@article{satellites,
author={L. Moli-Sanchez and A. Rodriguez-Alonso and G. Seco-Granados},
journal={IEEE Journal on Selected Areas in Communications},
title={Performance analysis of quantum cryptography protocols in optical earth-satellite and intersatellite links},
year={2009},
volume={27},
number={9},
pages={1582-1590},
keywords={artificial satellites;cryptographic protocols;quantum cryptography;satellite links;SARG04;decoy states;intersatellite links;low Earth orbit;medium Earth orbit;optical Earth satellite;performance analysis;quantum cryptography protocols;quantum key distribution;unambiguous discrimination attacks;Atmospheric measurements;Cryptographic protocols;Cryptography;Downlink;Extraterrestrial measurements;Hardware;Low earth orbit satellites;Optical computing;Performance analysis;Performance evaluation;Quantum cryptography, satellite secure communications, decoy states, SARG04 protocol.},
doi={10.1109/JSAC.2009.091208},
ISSN={0733-8716},
month={December},
}

@Article{Kronberg2009,
author="Kronberg, D. A.
and Molotkov, S. N.",
title="Robustness of quantum cryptography: SARG04 key-distribution protocol",
journal="Laser Physics",
year="2009",
volume="19",
number="4",
pages="884--893",
abstract="The SARG04 protocol is aimed at the improvement of the robustness of the main protocols in quantum cryptography (primarily, BB84 and B92) against the PNS attack in the case of the application of weak coherent pulses instead of the one-particle signals. An optimal attack of eavesdropper on the transmitted key is explicitly constructed for arbitrary angles between the basis states. A critical error up to which the key distribution is possible and the length of the final key are determined.",
issn="1555-6611",
doi="10.1134/S1054660X09040495",
}

@article{PhysRevLett.68.3121,
  title = {Quantum cryptography using any two nonorthogonal states},
  author = {Bennett, Charles H.},
  journal = {Phys. Rev. Lett.},
  volume = {68},
  issue = {21},
  pages = {3121--3124},
  numpages = {0},
  year = {1992},
  month = {May},
  publisher = {American Physical Society},
  doi = {10.1103/PhysRevLett.68.3121},
}

@article{proofBB84,
  title = {Simple Proof of Security of the BB84 Quantum Key Distribution Protocol},
  author = {Shor, Peter W. and Preskill, John},
  journal = {Phys. Rev. Lett.},
  volume = {85},
  issue = {2},
  pages = {441--444},
  numpages = {0},
  year = {2000},
  month = {Jul},
  publisher = {American Physical Society},
  doi = {10.1103/PhysRevLett.85.441},
}

@inproceedings{asymptoticB92,
author={R. Matsumoto},
booktitle={Information Theory Proceedings (ISIT), 2013 IEEE International Symposium on},
title={Improved asymptotic key rate of the B92 protocol},
year={2013},
pages={351-353},
keywords={cryptographic protocols;quantum cryptography;Renner security analysis;asymptotic key rate;depolarizing rate;single photon B92 protocol;Channel estimation;Convex functions;Entropy;Minimization;Protocols;Security},
doi={10.1109/ISIT.2013.6620246},
ISSN={2157-8095},
month={July},}
